<?xml version="1.0" encoding="UTF-8"?><collection xmlns="http://www.loc.gov/MARC21/slim"><record><leader>00376nam--2200121-i-4500</leader><controlfield tag="001">000021421</controlfield><controlfield tag="002">20161230</controlfield><controlfield tag="005">20161230201034</controlfield><controlfield tag="008">060222s1000------------r-----000-0-eng-d</controlfield><datafield ind1=" " ind2=" " tag="100"><subfield code="a">Hall, D. And A.S.Wightman</subfield></datafield><datafield ind1=" " ind2=" " tag="245"><subfield code="a">A theorem on invariant analytic functions with applications to relativistic quantum field theory</subfield></datafield><datafield ind1=" " ind2=" " tag="260"><subfield code="a">Kobenhavn, Munksgaard, 1957. 41 P</subfield></datafield><datafield ind1=" " ind2=" " tag="852"><subfield code="a">13213</subfield></datafield></record></collection>